<?xml version="1.0" encoding="UTF-8"?><collection xmlns="http://www.loc.gov/MARC21/slim"><record><leader>00607nam--2200205-i-4500</leader><controlfield tag="001">000001465</controlfield><controlfield tag="002">20161230</controlfield><controlfield tag="005">20161230201024</controlfield><controlfield tag="008">060222s1000------------r-----000-0-ger-d</controlfield><datafield ind1=" " ind2=" " tag="040"><subfield code="a">IFIN-HH</subfield></datafield><datafield ind1=" " ind2=" " tag="041"><subfield code="a">ger</subfield></datafield><datafield ind1=" " ind2=" " tag="080"><subfield code="a">517.98</subfield></datafield><datafield ind1="1" ind2=" " tag="100"><subfield code="a">Kratzer,Adolf</subfield></datafield><datafield ind1="1" ind2="0" tag="245"><subfield code="a">Transzendente funktionen. mit 58 abbildungen und tabelle</subfield><subfield code="c">Adolf kratzer, walter franz</subfield></datafield><datafield ind1=" " ind2=" " tag="260"><subfield code="a">Leipzig</subfield><subfield code="b">Akademische Verlagsgesellschaft</subfield><subfield code="c">1963</subfield></datafield><datafield ind1=" " ind2=" " tag="300"><subfield code="a">XIII + 378 P</subfield></datafield><datafield ind1=" " ind2=" " tag="490"><subfield code="a">Mathematik Und Ihre Anwendungen In Physik Und Technik</subfield></datafield><datafield ind1="1" ind2=" " tag="700"><subfield code="a">Franz, Walter</subfield></datafield><datafield ind1=" " ind2=" " tag="852"><subfield code="a">75911</subfield><subfield code="c">517.9</subfield></datafield><datafield ind1=" " ind2=" " tag="CAT"><subfield code="a">Sys</subfield><subfield code="c">20121024</subfield><subfield code="h">163218</subfield></datafield></record></collection>